

@article{keynes1936general,
  title={The General Theory of Employment, Interest and Money},
  author={Keynes, John},
  journal={Ed: Macmillan London},
  year={1936}
}

@article{hayek2019liberalismo,
  title={Liberalismo},
  author={Hayek, Friedrich},
  journal={Revista de Ciencia Pol{\'\i}tica},
  volume={4},
  number={2},
  pages={122--151},
  year={2019}
}

@book{friedman2018theory,
  title={Theory of the consumption function},
  author={Friedman, Milton},
  year={2018},
  publisher={Princeton university press}
}

@article{hicks1937mr,
  title={Mr. Keynes and the" classics"; a suggested interpretation},
  author={Hicks, John R},
  journal={Econometrica: journal of the Econometric Society},
  pages={147--159},
  year={1937},
  publisher={JSTOR}
}

@article{tobin1982money,
  title={Money and finance in the macroeconomic process},
  author={Tobin, James},
  journal={Journal of money, credit and banking},
  volume={14},
  number={2},
  pages={171--204},
  year={1982},
  publisher={JSTOR}
}

@article{palley2014economia,
  title={Econom{\'\i}a y econom{\'\i}a pol{\'\i}tica de Friedman: una cr{\'\i}tica desde el viejo keynesianismo},
  author={Palley, Thomas I},
  journal={Investigaci{\'o}n econ{\'o}mica},
  volume={73},
  number={288},
  pages={3--37},
  year={2014},
  publisher={UNAM, Facultad de Econom{\'\i}a}
}